@inproceedings{tan+lee+pang:14,
     author = {Chenhao Tan and Lillian Lee and Bo Pang},
     title = {The effect of wording on message propagation: Topic- and author-controlled natural experiments on Twitter},
     year = 2014,
     booktitle = {Proceedings of ACL}
}


@inproceedings{himabindu+mcauley+leskovec:13,
     author = {Himabindu Lakkaraju and Julian McAuley and Jure Leskovec},
     title = {Whatâ€™s in a name? Understanding the interplay between titles, content, and communities in social media},
     year = 2013,
     booktitle = {Proceedings of ICWSM}
}


@inproceedings{youmna+ardon+carlsson+eager+mahanti:12,
     author = {Youmna Borghol and Sebastien Ardon and Niklas Carlsson and Derek Eager and Anirban Mahanti},
     title = {The untold story of the clones: Content-agnostic factors that impact YouTube video popularity},
     year = 2012,
     booktitle = {Proceedings of KDD}
}
